@misc{Dixon2017,
author = {Sam Dixon},
title = {Optimisation Ensembles},
year = {2017},
publisher = {GitHub},
journal = {GitHub repository},
howpublished = {\url{https://github.com/neaop/optimisation_ensembles}},
}

@misc{Jdate,
author = {Juan Heyns},
year = {2010},
title = {JDatePicker},
howpublished = {\url{https://jdatepicker.org/}}
}
